@book{Czycholl2017,
    title={Theoretische Festk{\"o}rperphysik Band 2},
    subtitle={Anwendungen: Nichtgleichgewicht, Verhalten in {\"a}u{\ss}eren Feldern, kollektive Ph{\"a}nomene},
    author={Czycholl, G.},
    isbn={9783662537015},
    url={https://books.google.fr/books?id=t5o3DwAAQBAJ},
    year={2017},
    publisher={Springer Berlin Heidelberg}
}
